@inproceedings{Papazov2022,
title={{Using Language Models to Convert Between Natural Language and Game Commands}},
author={Papazov$^\dagger$, Stefan and Gill, Wesley and Garcia Ferreiro, Marta and Zhu, Andrew and {\myname} and Callison-Burch, Chris},
booktitle={{NAACL 2022 Third Wordplay: When Language Meets Games Workshop}},
year={2022},
url={https://openreview.net/forum?id=jQSStHwtmDN},
keywords={workshop},
month={7},
address={Virtual/Seattle, WA}
}


@inproceedings{CallisonBurch2022,
title={{Dungeons and Dragons as a Dialogue Challenge for Artificial Intelligence}},
author={Callison-Burch$^\dagger$, Chris and Tomar, Gaurav Singh and {\myname} and Ippolito, Daphne and Bailis, Suma and Reitter, David},
booktitle={{NAACL 2022 Third Wordplay: When Language Meets Games Workshop}},
year={2022},
url={https://openreview.net/forum?id=EKwH-BMlkzq},
keywords={workshop},
month={7},
address={Virtual/Seattle, WA}
}

@inproceedings{Li2022,
title={{CIS$^2$: A Simplified Commonsense Inference Evaluation for Story Prose}},
author={Li$^\dagger$, Bryan and {\myname} and Callison-Burch, Chris},
archivePrefix = {arXiv},
eprint = {2202.07880},
booktitle={{ACL 2022 Workshop on Commonsense Representation and Reasoning (CSRR)}},
year={2022},
url={https://openreview.net/forum?id=Se-xHMYg_bc},
keywords={workshop},
month={3},
address={Virtual/Dublin, Ireland}
}

@phdthesis{martin2021thesis,
title={{Neurosymbolic Automated Story Generation}},
school={Georgia Institute of Technology},
author={{\myname}},
year={2021},
url={https://smartech.gatech.edu/handle/1853/64643},
keywords={thesis}
}

@report{Alabdulkarim2021,
title={{Goal-Directed Story Generation: Augmenting Generative Language Models with Reinforcement Learning}},
author={Alabdulkarim, Amal and Li, Winston and {\myname} and Riedl, Mark O.},
year={2021},
archivePrefix={arXiv},
eprint={2112.08593},
url={https://arxiv.org/abs/2112.08593},
keywords={preprint}
}    

@inproceedings{ammanabrolu2020story,
title={{Story Realization: Expanding Plot Events into Sentences}},
author={Ammanabrolu$^\dagger$, Prithviraj and Tien, Ethan and Cheung, Wesley and Luo, Zhaochen and Ma, William and {\mynamedagger} and Riedl, Mark O.},
archivePrefix={arXiv},
eprint={1909.03480},
booktitle={{AAAI Conference on Artificial Intelligence (AAAI)}},
volume={34},
number={5},
year={2020},
pages={7375--7382},
month={4},
doi={10.1609/aaai.v34i05.6232},
url={https://ojs.aaai.org//index.php/AAAI/article/view/6232},
address={New York, NY},
keywords={conference}
}

@inproceedings{tambwekar2019controllable,
title={{Controllable Neural Story Plot Generation via Reward Shaping}},
author={Tambwekar*, Pradyumna and Dhuliawala*$^\dagger$, Murtaza and {\mynamedagger} and Mehta, Animesh and Harrison, Brent and Riedl, Mark O.},
archivePrefix={arXiv},
eprint={1809.10736},
booktitle={{International Joint Conference on Artificial Intelligence (IJCAI)}},
year={2019},
pages={5982--5988},
month={7},
doi={10.24963/ijcai.2019/829},
url={https://www.ijcai.org/proceedings/2019/829},
address={Macao, China},
keywords={conference}
}

@inproceedings{ammanabrolu2019guided,
title={{Guided Neural Language Generation for Automated Storytelling}},
author={Ammanabrolu$^\dagger$, Prithviraj and Tien, Ethan and Cheung, Wesley and Luo, Zhaochen and Ma, William and {\myname} and Riedl, Mark O.},
booktitle={{ACL 2019 Second Workshop on Storytelling (StoryNLP)}},
year={2019},
pages={46--55},
month={8},
doi={10.18653/v1/W19-3405},
url={https://aclanthology.org/W19-3405/},
address={Florence, Italy},
keywords={workshop}
}									

@inproceedings{martin2018dungeons,
title={{Dungeons and DQNs: Toward Reinforcement Learning Agents that Play Tabletop Roleplaying Games}},
author={{\mynamedagger} and Sood, Srijan and Riedl, Mark},
booktitle={Joint AIIDE Workshop on Intelligent Narrative Technologies and Workshop on Intelligent Cinematography and Editing (INT-WICED)},
year={2018},
month={11},
address={Edmonton, AB, Canada},
keywords={workshop},
url={https://laramartin.net/pub/Martin-Dungeons-n-DQNs.pdf}
}										

@inproceedings{martin2018event,
title={{Event Representations for Automated Story Generation with Deep Neural Nets}},
author={{\mynamedagger} and Ammanabrolu, Prithviraj and Wang, Xinyu and Hancock, William and Singh, Shruti and Harrison, Brent and Riedl, Mark O.},
booktitle={AAAI Conference on Artificial Intelligence},
volume={32},
number={1},
month={4},
year={2018},
url={https://www.aaai.org/ocs/index.php/AAAI/AAAI18/paper/view/17046/},
address={New Orleans, LA},
keywords={conference}
}

@inproceedings{martin2017event,
title={{Event Representations for Automated Story Generation with Deep Neural Nets}},
author={{\mynamedagger} and Ammanabrolu, Prithviraj and Hancock, William and Singh, Shruti and Harrison, Brent and Riedl, Mark O.},
booktitle={KDD 2017 Workshop on Machine Learning for Creativity},
year={2017},
address={Halifax, NS, Canada},
url={https://arxiv.org/abs/1706.01331v2},
keywords={workshop}
}

@inproceedings{cosentino2014,
title={A multisensory non-invasive system for laughter analysis},
author = {Cosentino$^\dagger$, S. and Burger, S. and {\myname} and Metze, F. and Kishi, T. and Hashimoto, K. and Sessa, S. and Zecca, M. and Takanishi, A.},
booktitle={36th Annual International Conference of the IEEE Engineering in Medicine and Biology Society (EMBC)},
year={2014},
keywords={workshop},
address={Chicago, IL},
url={https://laramartin.net/pub/EMBC14-Laughter.pdf}
}

@inproceedings{martin2017improvisational,
title={{Improvisational Storytelling Agents}},
author={{\mynamedagger} and Ammanabrolu, Prithviraj and Wang, Xinyu and Singh, Shruti and Harrison, Brent and Dhuliawala, Murtaza and Tambwekar, Pradyumna and Mehta, Animesh and Arora, Richa and Dass, Nathan and Purdy, Chris and Riedl, Mark O.},
booktitle={NeurIPS 2017 Workshop on Machine Learning for Creativity and Design},
year={2017},
url={https://nips2017creativity.github.io/doc/Improvisational_Agents.pdf},
address={Long Beach, CA},
keywords={workshop}
}

@inproceedings{martin2016improvisational,
title={{Improvisational Computational Storytelling in Open Worlds}},
author={{\mynamedagger} and Harrison, Brent and Riedl, Mark O.},
booktitle={International Conference on Interactive Digital Storytelling (ICIDS)},
pages={73--84},
year={2016},
month={10},
organization={Springer},
url={https://link.springer.com/chapter/10.1007/978-3-319-48279-8_7},
address={Los Angeles, CA},
keywords={conference}
}

@inproceedings{martin2015utterance,
title={{Utterance Classification in Speech-to-Speech Translation for Zero-Resource Languages in the Hospital Administration Domain}},
author={{\mynamedagger} and Wilkinson$^\dagger$, Andrew and Miryala, Sai Sumanth and Robison, Vivian and Black, Alan W},
booktitle={2015 IEEE Workshop on Automatic Speech Recognition and Understanding (ASRU)},
pages={303--309},
month={12},
year={2015},
organization={IEEE},
url={https://ieeexplore.ieee.org/document/7404809},
doi={10.1109/ASRU.2015.7404809},
address={Scottsdale, AZ},
keywords={conference}
}   

@inproceedings{martin2014methodology,
title={{A Methodology for Using Crowdsourced Data to Measure Uncertainty in Natural Speech}},
author={{\mynamedagger} and Stone, Matthew and Metze, Florian and Mostow, Jack},
booktitle={2014 IEEE Spoken Language Technology Workshop (SLT)},
pages={95--99},
month={12},
year={2014},
organization={IEEE},
doi={10.1109/SLT.2014.7078556},
url={https://ieeexplore.ieee.org/document/7078556},
address={South Lake Tahoe, NV},
keywords={conference}
}

@inproceedings{moon2014identifying,
title={{Identifying Student Leaders from MOOC Discussion Forums through Language Influence}},
author={Moon$^\dagger$, Seungwhan and Potdar, Saloni and {\myname}},
booktitle={{EMNLP 2014 Workshop on Analysis of Large Scale Social Interaction in MOOCs}},
pages={15--20},
year={2014},
url={https://www.aclweb.org/anthology/W14-4103/},
month={10},
address={Doha, Qatar},
keywords={workshop}
}

@inproceedings{wolfeapplause,
title={{Applause: A Learning Tool for Low-Resource Languages}},
author={Wolfe$^\dagger$, Nikolas and Vemuri, Vinay Vyas and {\mynamedagger} and Metze, Florian and Black, Alan W},
booktitle={CHI 2014 Designing Speech and Language Interactions Workshop (DSLI)},
address={Toronto, ON, Canada},
year={2014},
keywords={workshop},
month={4},
url={http://www.cs.toronto.edu/dsli2014/submissions/applause-chi-paper-photo-ready.pdf}
}

@inproceedings{panagopoulouquakerbot,
  title={{QuakerBot: A Household Dialog System Powered by Large Language Models}},
  author={Panagopoulou, Artemis and Arora, Manni and Zhang, Li and Cugini, Dimitri and  You, Weiqiu and  Yang, Yue and  Zhou, Liyang and  Wang,Yuxuan and  Hou,Zhaoyi and  Hwang,Alyssa and  {\myname} and Shi,Sherry and Callison-Burch,Chris and  Yatskar, Mark},
  year={2022},
  booktitle={1st Alexa Prize TaskBot (Alexa Prize 2021)},
  keywords={other},
  month={5},
  url={https://www.amazon.science/alexa-prize/proceedings/quakerbot-a-household-dialog-system-powered-by-large-language-models}
}

@inproceedings{Yu2014,
address = {Gaithersburg, MD},
author = {Yu, {Shoou-I} and Jiang, Lu and Mao, Zexi and Chang, Xiaojun and Du, Xingzhong and Gan, Chuang and Lan, Zhenzhong and Xu, Zhongwen and Li, Xuanchong and Cai, Yang and Kumar, Anurag and Miao, Yajie and {\myname} and Wolfe, Nikolas and Xu, Shicheng and Li, Huan and Lin, Ming and Ma, Zhigang and Yang, Yi and Meng, Deyu and Shan, Shiguang and {Duygulu Sahin}, Pinar and Burger, Susanne and Metze, Florian and Singh, Rita and Raj, Bhiksha and Mitamura, Teruko and Stern, Richard and Hauptmann, Alexander},
booktitle = {TRECVID Video Retrieval Evaluation Workshop, NIST},
title = {{Informedia@TRECVID 2014 MED and MER}},
year = {2014},
keywords={other},
month={11},
url={https://apps.dtic.mil/sti/citations/AD1024376}
}

@inproceedings{Yu2015,
address = {Gaithersburg, MD},
author = {Yu,{Shoou-I} and Lu Jiang and Zhongwen Xu and Zhenzhong Lan and Shicheng Xu and Xiaojun Chang and Xuanchong Li and Zexi Mao and Chuang Gan and Yajie Miao and Xingzhong Du and Yang Cai and {\myname} and Nikolas Wolfe and Anurag Kumar and Huan Li and Ming Lin and Zhigang Ma and Yi Yang and Deyu Meng and Shiguang Shan and Pinar Duygulu Sahin and Susanne Burger and Florian Metze and Rita Singh and Bhiksha Raj and Teruko Mitamura and Richard Stern and Alexander Hauptmann},
booktitle = {{TREC Video Retrieval Evaluation 2015}},
title = {{CMU informedia@TrecVID 2015 MED/SIN/LNK/SED}},
year = {2015},
keywords={other},
month={11},
url={https://research.monash.edu/en/publications/cmu-informediatrecvid-2015-medsinlnksed}
}

@inproceedings{GiorgiSubmitted,
author = {Giorgi, Salvatore and Zhao,Ke and Feng, Alexander and {\myname}},
title = {{Author as Character and Narrator: Understanding Moral Judgements of Storytellers within the {\em r/AmITheAsshole} Reddit Community}},
year = {Submission},
keywords={submitted}
}

@inproceedings{CallisonBurchSubmitted,
title={{Dungeons and Dragons as a Dialogue Challenge for Artificial Intelligence}},
author={Callison-Burch, Chris and Tomar, Gaurav Singh and {\myname} and Ippolito, Daphne and Bailis, Suma and Reitter, David},
year={Submission},
keywords={submitted}
}